<?xml version="1.0" encoding="UTF-8"?><record xmlns="http://www.loc.gov/MARC21/slim" xmlns:cinclude="http://apache.org/cocoon/include/1.0" xmlns:zs="http://www.loc.gov/zing/srw/">
  <leader>00894cz  a2200229n  4500</leader>
  <controlfield tag="001">nr2001016862</controlfield>
  <controlfield tag="003">DLC</controlfield>
  <controlfield tag="005">20130320094449.0</controlfield>
  <controlfield tag="008">010504n| azannaabn          |b aaa      </controlfield>
  <datafield tag="010" ind1=" " ind2=" ">
    <subfield code="a">nr2001016862</subfield>
  </datafield>
  <datafield tag="035" ind1=" " ind2=" ">
    <subfield code="a">(OCoLC)oca05482357</subfield>
  </datafield>
  <datafield tag="040" ind1=" " ind2=" ">
    <subfield code="a">DLC-R</subfield>
    <subfield code="b">eng</subfield>
    <subfield code="e">rda</subfield>
    <subfield code="c">DLC-R</subfield>
    <subfield code="d">OCoLC</subfield>
    <subfield code="d">DLC</subfield>
  </datafield>
  <datafield tag="046" ind1=" " ind2=" ">
    <subfield code="s">1806</subfield>
  </datafield>
  <datafield tag="100" ind1="1" ind2=" ">
    <subfield code="a">Kondō, Kichizaemon,</subfield>
    <subfield code="d">active 1806</subfield>
  </datafield>
  <datafield tag="400" ind1="1" ind2=" ">
    <subfield code="w">nnea</subfield>
    <subfield code="a">Kondō, Kichizaemon,</subfield>
    <subfield code="d">fl. 1806</subfield>
  </datafield>
  <datafield tag="400" ind1="1" ind2=" ">
    <subfield code="a">近藤吉左衛門,</subfield>
    <subfield code="d">active 1806</subfield>
  </datafield>
  <datafield tag="667" ind1=" " ind2=" ">
    <subfield code="a">Machine-derived non-Latin script reference project.</subfield>
  </datafield>
  <datafield tag="667" ind1=" " ind2=" ">
    <subfield code="a">Non-Latin script reference not evaluated.</subfield>
  </datafield>
  <datafield tag="670" ind1=" " ind2=" ">
    <subfield code="a">Hankanpu zokuhen, not before 1806:</subfield>
    <subfield code="b">(name not given)</subfield>
  </datafield>
  <datafield tag="670" ind1=" " ind2=" ">
    <subfield code="a">Kokusho sōmokuroku:</subfield>
    <subfield code="b">(under Hankanpu zokuhen, auth. Kondō Kichizaemon and others; work compl. Bunka 3 [1806])</subfield>
  </datafield>
  <datafield tag="670" ind1=" " ind2=" ">
    <subfield code="a">Kotenseki sōgō mokuroku, auth. index</subfield>
    <subfield code="b">(Kondō Kichizaemon)</subfield>
  </datafield>
  <datafield tag="675" ind1=" " ind2=" ">
    <subfield code="a">Kokusho jinmei j.;</subfield>
    <subfield code="a">Dai jinmei j.</subfield>
  </datafield>
</record>